@article{Courvoisier2011,
doi = {10.1016/j.jclinepi.2010.11.012},
issn = {08954356},
journal = {Journal of Clinical Epidemiology},
keywords = {Event per variable,Logistic regression,Model adequacy,Model building,Power,Type I error},
number = {9},
pages = {993--1000},
title = {{Performance of logistic regression modeling: Beyond the number of events per variable, the role of data structure}},
volume = {64},
year = {2011}
}



@online{who2021,
    title        = {Injuries and violence},
    author       = {},
    year         = 2021,
    url          = {https://www.who.int/news-room/fact-sheets/detail/injuries-and-violence},
    urldate      = {02-Feb-2023}
}


@article{alharbi2021,
	title = {Effectiveness of trauma care systems at different stages of development in reducing mortality: a systematic review and meta-analysis protocol},
	volume = {11},
	issn = {2044-6055},
	url = {https://www.ncbi.nlm.nih.gov/pmc/articles/PMC8183269/},
	doi = {10.1136/bmjopen-2020-047439},
	shorttitle = {Effectiveness of trauma care systems at different stages of development in reducing mortality},
{PROSPERO} registration number
{CRD}42019142842.},
	pages = {e047439},
	number = {6},
	journaltitle = {{BMJ} Open},
	shortjournal = {{BMJ} Open},
	author = {Alharbi, Rayan Jafnan and Lewis, Virginia and Shrestha, Sumina and Miller, Charne},
	urldate = {2023-01-26},
	date = {2021-06-03},
	pmid = {34083344},
	pmcid = {PMC8183269},
	file = {PubMed Central Full Text PDF:C\:\\Users\\m-maj\\Zotero\\storage\\W6Y5Z8GZ\\Alharbi m. fl. - 2021 - Effectiveness of trauma care systems at different .pdf:application/pdf},
}


@article{choi2021,
	title = {The impact of trauma systems on patient outcomes},
	volume = {58},
	issn = {00113840},
	url = {https://linkinghub.elsevier.com/retrieve/pii/S0011384020301192},
	doi = {10.1016/j.cpsurg.2020.100849},
	pages = {100849},
	number = {1},
	journaltitle = {Current Problems in Surgery},
	shortjournal = {Current Problems in Surgery},
	author = {Choi, Jeff and Carlos, Garrison and Nassar, Aussama K. and Knowlton, Lisa M. and Spain, David A.},
	urldate = {2023-01-26},
	date = {2021-01},
	langid = {english},
	file = {Choi m. fl. - 2021 - The impact of trauma systems on patient outcomes.pdf:C\:\\Users\\m-maj\\Zotero\\storage\\LI25935E\\Choi m. fl. - 2021 - The impact of trauma systems on patient outcomes.pdf:application/pdf},
}

@misc{nswTraumaSystem,
	author = {},
	title = {{T}rauma system --- aci.health.nsw.gov.au},
	howpublished = {\url{https://aci.health.nsw.gov.au/networks/institute-of-trauma-and-injury-management/clinical/trauma_system}},
	year = {},
	note = {[Accessed 02-Feb-2023]},
}
